<record xmlns="http://www.loc.gov/MARC21/slim">
   <leader>03450cam a2200469 i 4500</leader>
   <controlfield tag="001">6803102</controlfield>
   <controlfield tag="003">OCoLC</controlfield>
   <controlfield tag="005">20150127135957.0</controlfield>
   <controlfield tag="008">140909t20152015nyu      b    001 0 eng  </controlfield>
   <datafield ind1=" " ind2=" " tag="010">
      <subfield code="a">  2014025365</subfield>
   </datafield>
   <datafield ind1=" " ind2=" " tag="020">
      <subfield code="a">9781628923087</subfield>
      <subfield code="q">hardback</subfield>
   </datafield>
   <datafield ind1=" " ind2=" " tag="020">
      <subfield code="a">1628923083</subfield>
      <subfield code="q">hardback</subfield>
   </datafield>
   <datafield ind1=" " ind2=" " tag="020">
      <subfield code="a">9781628923094</subfield>
      <subfield code="q">paperback</subfield>
   </datafield>
   <datafield ind1=" " ind2=" " tag="020">
      <subfield code="a">1628923091</subfield>
      <subfield code="q">paperback</subfield>
   </datafield>
   <datafield ind1=" " ind2=" " tag="020">
      <subfield code="z">9781628923100</subfield>
      <subfield code="q">ePub</subfield>
   </datafield>
   <datafield ind1=" " ind2=" " tag="020">
      <subfield code="z">9781628923117</subfield>
      <subfield code="q">PDF</subfield>
   </datafield>
   <datafield ind1=" " ind2=" " tag="035">
      <subfield code="a">ocn867765689</subfield>
   </datafield>
   <datafield ind1=" " ind2=" " tag="040">
      <subfield code="a">DLC</subfield>
      <subfield code="b">eng</subfield>
      <subfield code="e">rda</subfield>
      <subfield code="c">DLC</subfield>
      <subfield code="d">YDXCP</subfield>
      <subfield code="d">BTCTA</subfield>
      <subfield code="d">BDX</subfield>
      <subfield code="d">OCLCO</subfield>
      <subfield code="d">NYP</subfield>
      <subfield code="d">OCLCQ</subfield>
      <subfield code="d">OCLCF</subfield>
      <subfield code="d">UAB</subfield>
      <subfield code="d">AEU</subfield>
   </datafield>
   <datafield ind1=" " ind2=" " tag="042">
      <subfield code="a">pcc</subfield>
   </datafield>
   <datafield ind1="0" ind2="4" tag="050">
      <subfield code="a">PN151</subfield>
      <subfield code="b">.M35 2015</subfield>
   </datafield>
   <datafield ind1="0" ind2="0" tag="082">
      <subfield code="a">808.02</subfield>
      <subfield code="2">23</subfield>
   </datafield>
   <datafield ind1=" " ind2=" " tag="084">
      <subfield code="a">LIT000000</subfield>
      <subfield code="a">LAN005000</subfield>
      <subfield code="2">bisacsh</subfield>
   </datafield>
   <datafield ind1=" " ind2=" " tag="090">
      <subfield code="a">PN 151 M35 2015</subfield>
      <subfield code="b">AEU</subfield>
   </datafield>
   <datafield ind1="1" ind2=" " tag="100">
      <subfield code="a">May, Lori A.,</subfield>
      <subfield code="e">author.</subfield>
   </datafield>
   <datafield ind1="1" ind2="4" tag="245">
      <subfield code="a">The write crowd :</subfield>
      <subfield code="b">literary citizenship and the writing life /</subfield>
      <subfield code="c">Lori A. May.</subfield>
   </datafield>
   <datafield ind1=" " ind2="1" tag="264">
      <subfield code="a">New York :</subfield>
      <subfield code="b">Bloomsbury Academic, an imprint of Bloomsbury Publishing Inc,</subfield>
      <subfield code="c">2015.</subfield>
   </datafield>
   <datafield ind1=" " ind2="4" tag="264">
      <subfield code="c">©2015</subfield>
   </datafield>
   <datafield ind1=" " ind2=" " tag="300">
      <subfield code="a">xiii, 194 pages ;</subfield>
      <subfield code="c">20 cm</subfield>
   </datafield>
   <datafield ind1=" " ind2=" " tag="336">
      <subfield code="a">text</subfield>
      <subfield code="b">txt</subfield>
      <subfield code="2">rdacontent</subfield>
   </datafield>
   <datafield ind1=" " ind2=" " tag="337">
      <subfield code="a">unmediated</subfield>
      <subfield code="b">n</subfield>
      <subfield code="2">rdamedia</subfield>
   </datafield>
   <datafield ind1=" " ind2=" " tag="338">
      <subfield code="a">volume</subfield>
      <subfield code="b">nc</subfield>
      <subfield code="2">rdacarrier</subfield>
   </datafield>
   <datafield ind1=" " ind2=" " tag="504">
      <subfield code="a">Includes bibliographical references and index.</subfield>
   </datafield>
   <datafield ind1="8" ind2=" " tag="505">
      <subfield code="a">Machine generated contents note: -- Preface1. What is Literary Citizenship? An Introduction 2. The Writer and the Writing Life3. Immersion 101: Finding and Creating Opportunities4. Community (re)Defined5. From the Editor's Desk6. Book Reviewing: Write (about) What You Read7. In Print and Online: Working with Presses and Journals8. Community Outreach9. In and Outside of Academia10. The Write Direction: Customizing Your CommunityAppendix A: Community OrganizationsAppendix B: Sample Book ReviewsAcknowledgements.</subfield>
   </datafield>
   <datafield ind1=" " ind2=" " tag="520">
      <subfield code="a">"Writing may be a solitary profession, but it is also one that relies on a strong sense of community. The Write Crowd offers practical tips and examples of how writers of all genres and experience levels contribute to the sustainability of the literary community, the success of others, and to their own well-rounded writing life. Through interviews and examples of established writers and community members, readers are encouraged to immerse themselves fully in the literary world and the community-at-large by engaging with literary journals, reading series and public workshops, advocacy and education programs, and more. In contemporary publishing, the writer is expected to contribute outside of her own writing projects. Editors and publishers hope to see their writers active in the community, and the public benefits from a more personal interaction with authors. Yet the writer must balance time and resources between deadlines, day jobs, and other commitments. The Write Crowd demonstrates how writers may engage with peers and readers, and have a positive effect on the greater community, without sacrificing writing time"--</subfield>
      <subfield code="c">Provided by publisher.</subfield>
   </datafield>
   <datafield ind1=" " ind2=" " tag="520">
      <subfield code="a">"Practical tips and examples of how writers of all genres and experience levels may contribute to the greater literary community"--</subfield>
      <subfield code="c">Provided by publisher.</subfield>
   </datafield>
   <datafield ind1=" " ind2=" " tag="596">
      <subfield code="a">16</subfield>
   </datafield>
   <datafield ind1=" " ind2="0" tag="650">
      <subfield code="a">Authorship</subfield>
      <subfield code="x">Social aspects.</subfield>
   </datafield>
   <datafield ind1=" " ind2="0" tag="650">
      <subfield code="a">Creative writing.</subfield>
   </datafield>
   <datafield ind1=" " ind2="0" tag="650">
      <subfield code="a">Mentoring of authors.</subfield>
   </datafield>
   <datafield ind1="4" ind2="2" tag="856">
      <subfield code="3">Cover image</subfield>
      <subfield code="u">http://www.netread.com/jcusers2/bk1388/087/9781628923087/image/lgcover.9781628923087.jpg</subfield>
   </datafield>
   <datafield ind1=" " ind2=" " tag="949">
      <subfield code="a">PN 151 M35 2015</subfield>
      <subfield code="c">1</subfield>
      <subfield code="h">UAAU-B</subfield>
      <subfield code="i">0162035237096</subfield>
   </datafield>
   <datafield ind1=" " ind2=" " tag="926">
      <subfield code="a">PN 151 M35 2015</subfield>
      <subfield code="w">LC</subfield>
      <subfield code="c">1</subfield>
      <subfield code="i">0162035237096</subfield>
      <subfield code="l">ON_SHELF</subfield>
      <subfield code="m">UAAUG</subfield>
      <subfield code="p">$150.00</subfield>
      <subfield code="r">Y</subfield>
      <subfield code="s">Y</subfield>
      <subfield code="t">BOOK</subfield>
      <subfield code="u">2/11/2015</subfield>
   </datafield>
</record>
